@book{layard2020can,
  title = {Can we be happier? Evidence and ethics},
  author = {Layard, Richard},
  year = {2020},
  publisher = {Penguin UK}
}

@article{easterlin2010happiness,
  title = {Happiness, growth, and public policy},
  author = {Easterlin, Richard A.},
  year = {2010},
  journal = {Economic Inquiry},
  volume = {48},
  number = {4},
  pages = {661--672}
}

@article{deneve2012estimating,
  title = {Estimating the influence of life satisfaction and positive affect on later income using sibling fixed effects},
  author = {De Neve, Jan-Emmanuel and Oswald, Andrew J.},
  year = {2012},
  journal = {Proceedings of the National Academy of Sciences},
  volume = {109},
  number = {49},
  pages = {19953--19958}
}

@article{aknin2020prosocial,
  title = {Prosocial spending and well-being: Cross-cultural evidence for a psychological universal},
  author = {Aknin, Lara B. and Barrington-Leigh, Christopher P. and Dunn, Elizabeth W. and Helliwell, John F. and Burns, James and Biswas-Diener, Robert and Norton, Michael I.},
  year = {2020},
  journal = {Journal of Personality and Social Psychology},
  volume = {119},
  number = {2},
  pages = {634--649}
}

@incollection{tov2019wellbeing,
  title = {The Well-Being of Nations: Linking Together Trust, Cooperation, and Democracy},
  author = {Tov, William and Diener, Ed},
  year = {2019},
  booktitle = {Oxford Handbook of Social and Political Trust},
  editor = {Uslaner, Eric M.},
  publisher = {Oxford University Press},
  pages = {1--25}
}

@article{frijters2004money,
  title = {Money does matter! Evidence from increasing real income and life satisfaction in East Germany following reunification},
  author = {Frijters, Paul and Haisken-DeNew, John P. and Shields, Michael A.},
  year = {2004},
  journal = {American Economic Review},
  volume = {94},
  number = {3},
  pages = {730--740}
}

